@article{brooks1,
  title={How to build complete creatures rather than isolated cognitive simulators},
  author={Brooks, Rodney A}
}

@book{GeorgeComplex,
  title={Data structures and algorithms for game developers},
  author={Sherrod, Allen},
  year={2007},
  publisher={Cengage Learning}
}

@article{GeorgeRandom,
  title={Procedural content generation for games: A survey},
  author={Hendrikx, Mark and Meijer, Sebastiaan and Van Der Velden, Joeri and Iosup, Alexandru},
  journal={ACM Transactions on Multimedia Computing, Communications, and Applications (TOMM)},
  volume={9},
  number={1},
  pages={1},
  year={2013},
  publisher={ACM}
}